<?xml version="1.0" encoding="UTF-8"?><collection><record><leader>02997ntm a2200433 a 4500</leader><controlfield tag="001">002563056</controlfield><controlfield tag="003">MiAaHDL</controlfield><controlfield tag="005">20190719000000.0</controlfield><controlfield tag="006">m        d        </controlfield><controlfield tag="007">cr bn ---auaua</controlfield><controlfield tag="008">920923s16uu    xx            00||  ara d</controlfield><datafield tag="035" ind1=" " ind2=" "><subfield code="a">(MiU)002563056</subfield></datafield><datafield tag="035" ind1=" " ind2=" "><subfield code="a">sdr-miu002563056</subfield></datafield><datafield tag="035" ind1=" " ind2=" "><subfield code="a">(OCoLC)706055716</subfield></datafield><datafield tag="035" ind1=" " ind2=" "><subfield code="a">(RLIN)MIUH92-A9</subfield></datafield><datafield tag="040" ind1=" " ind2=" "><subfield code="a">MiU</subfield><subfield code="c">MiU</subfield><subfield code="e">appm</subfield></datafield><datafield tag="100" ind1="1" ind2=" "><subfield code="6">880-01</subfield><subfield code="a">Sibṭ al-Māridīnī, Badr al-Dīn Muḥammad ibn Muḥammad,</subfield><subfield code="d">1423-</subfield></datafield><datafield tag="245" ind1="1" ind2="3"><subfield code="6">880-02</subfield><subfield code="a">al-Qawl al-mubdiʻ fī sharḥ al-muqniʻ :</subfield><subfield code="k">manuscript,</subfield><subfield code="f">[17th century?] /</subfield><subfield code="c">li-Sibṭ al-Māridīnī.</subfield></datafield><datafield tag="300" ind1=" " ind2=" "><subfield code="a">1</subfield><subfield code="f">v. ([35] p. on 9 lvs.) ;</subfield><subfield code="c">25 cm.</subfield></datafield><datafield tag="500" ind1=" " ind2=" "><subfield code="a">Watermarks: IMSC in roman; three crescents. For the latter see Edward Heawood, Watermarks, Mainly of the 17th and 18th Centuries (Hilversum, 1950), p. 24.</subfield></datafield><datafield tag="500" ind1=" " ind2=" "><subfield code="a">In Maghribī script.</subfield></datafield><datafield tag="500" ind1=" " ind2=" "><subfield code="a">Text rubricated; corrections and marginal notes in hand of copyist and other, non-Maghribī, hands.</subfield></datafield><datafield tag="500" ind1=" " ind2=" "><subfield code="a">For other abridgments of and commentaries on Ibn al-Hāʾim's Muqniʻ, see Mich. Isl. Mss. 700, 701, and 702.</subfield></datafield><datafield tag="510" ind1="4" ind2=" "><subfield code="a">GAL,</subfield><subfield code="c">v. II, p. 154; GAL, Suppl. II, p. 155; King, Survey, p. 82; cf. Encyc. Islam (2), v. vi, p. 543a</subfield></datafield><datafield tag="520" ind1=" " ind2=" "><subfield code="a">"A commentary on Al-Muqniʻ, a poem on algebra by Shihāb al-Dīn ibn al-Hāʾim." Cataloging by Elinor M. Husselman, 1945.</subfield></datafield><datafield tag="538" ind1=" " ind2=" "><subfield code="a">Mode of access: Internet.</subfield></datafield><datafield tag="541" ind1=" " ind2=" "><subfield code="d">07/--/36</subfield><subfield code="3">Manuscript</subfield><subfield code="a">McGregor Fund</subfield><subfield code="c">Purchase, 1933/34</subfield><subfield code="h">10 p.t.</subfield></datafield><datafield tag="545" ind1=" " ind2=" "><subfield code="a">Egyptian astronomer and author of numerous works on astronomy and mathematics; muwaqqit (timekeeper) at the al-Azhar mosque in Cairo; disciple of Shihāb al-Dīn Abū al-ʻAbbās Aḥmad ibn Rajab al-Qāhirī ibn al-Majdī (1365-1447); grandson of Jamāl al-Dīn ʻAbd Allāh ibn Khalīl al-Qāhirī al-Māridīnī (d. 1406).</subfield></datafield><datafield tag="561" ind1=" " ind2=" "><subfield code="a">Purchased in Cairo, 1933/34. Owner's mark: on p. [1], manuscript notes in handwriting of Max Meyerhof.</subfield></datafield><datafield tag="600" ind1="1" ind2="0"><subfield code="6">880-03</subfield><subfield code="a">Ibn al-Hāʾim, Aḥmad ibn Muḥammad,</subfield><subfield code="d">d. 1412.</subfield><subfield code="t">Muqniʻ fī ʻilm al-jabr wa-al-muqābalah.</subfield></datafield><datafield tag="650" ind1=" " ind2="0"><subfield code="a">Algebra</subfield><subfield code="v">Early works to 1800.</subfield></datafield><datafield tag="650" ind1=" " ind2="0"><subfield code="a">Mathematics, Arab</subfield><subfield code="y">Early works to 1800.</subfield></datafield><datafield tag="650" ind1=" " ind2="0"><subfield code="a">Manuscripts, Arabic</subfield><subfield code="z">Michigan</subfield><subfield code="z">Ann Arbor.</subfield></datafield><datafield tag="700" ind1="1" ind2=" "><subfield code="6">880-04</subfield><subfield code="a">Ibn al-Hāʼim, Aḥmad ibn Muḥammad,</subfield><subfield code="d">-1412.</subfield><subfield code="t">Muqniʻ fī ʻilm al-jabr wa-al-muqābalah.</subfield></datafield><datafield tag="700" ind1="1" ind2=" "><subfield code="a">Meyerhof, Max,</subfield><subfield code="d">1874-1945,</subfield><subfield code="e">former owner.</subfield></datafield><datafield tag="773" ind1="0" ind2=" "><subfield code="a">Tracy W. McGregor Collection of Arabic, Persian, and Turkish Mathematical and Astronomical Manuscripts.</subfield><subfield code="7">unbc</subfield><subfield code="w">(CStRLIN)MIUH92-A20.</subfield></datafield><datafield tag="880" ind1="0" ind2=" "><subfield code="6">700-04/</subfield><subfield code="a">أحمد بن محمد بن الهائم.</subfield><subfield code="t">مقنع في علم الجبر والمقابلة.</subfield></datafield><datafield tag="880" ind1="0" ind2="0"><subfield code="6">600-03/</subfield><subfield code="a">أحمد بن محمد بن الهائم.</subfield><subfield code="t">مقنع في علم الجبر والمقابلة.</subfield></datafield><datafield tag="880" ind1="1" ind2="2"><subfield code="6">245-02/</subfield><subfield code="a">القول المبدع في شرح المقنع :</subfield><subfield code="k">manuscript،</subfield><subfield code="f">[القرن 17م؟] /</subfield><subfield code="c">لسبط المارديني.</subfield></datafield><datafield tag="880" ind1="0" ind2=" "><subfield code="6">100-01/</subfield><subfield code="a">بدر الدين محمد بن محمد سبط المارديني.</subfield></datafield><datafield tag="CID" ind1=" " ind2=" "><subfield code="a">002563056</subfield></datafield><datafield tag="DAT" ind1="0" ind2=" "><subfield code="a">20190719102632.0</subfield><subfield code="b">20190719000000.0</subfield></datafield><datafield tag="DAT" ind1="1" ind2=" "><subfield code="a">20190719090653.0</subfield><subfield code="b">2019-07-19T16:10:31Z</subfield></datafield><datafield tag="DAT" ind1="2" ind2=" "><subfield code="a">2015-10-02T18:00:03Z</subfield></datafield><datafield tag="CAT" ind1=" " ind2=" "><subfield code="a">SDR-MIU</subfield><subfield code="d">EX LIBRIS - ALEPH</subfield><subfield code="l">prepare.pl-004-008</subfield></datafield><datafield tag="FMT" ind1=" " ind2=" "><subfield code="a">BK</subfield></datafield><datafield tag="HOL" ind1=" " ind2=" "><subfield code="0">sdr-miu002563056</subfield><subfield code="a">MiU</subfield><subfield code="b">SDR</subfield><subfield code="c">MIU</subfield><subfield code="p">mdp.39015081446703</subfield><subfield code="s">MIU</subfield><subfield code="1">002563056</subfield></datafield><datafield tag="974" ind1=" " ind2=" "><subfield code="b">MIU</subfield><subfield code="c">MIU</subfield><subfield code="d">20190719</subfield><subfield code="s">lit-dlps-dc</subfield><subfield code="u">mdp.39015081446703</subfield><subfield code="y">1699</subfield><subfield code="r">pd</subfield><subfield code="q">bib</subfield><subfield code="t">non-US bib date1 &lt; 1879</subfield></datafield></record></collection>